@book{springer2011,
    author    = "Torben Ã†gidius Mogensen",
    title     = "Introduction to Compiler Design",
    year      = "2011",
    publisher = "Springer",
    address   = "London"
}

@unpublished{slideSyntaxAnalysis,
    author = {Jost Berthold},
    title = {\emph{Syntax Analysis}},
    note = {Department of Computer Science, University of Copenhagen, 2013}
}

@unpublished{slideInterpretation,
    author = {Cosmin Oancea},
    title = {\emph{Interpretation}},
    note = {Department of Computer Science, University of Copenhagen, 2013}
}

@unpublished{slideTypeChecking,
    author = {Cosmin Oancea},
    title = {\emph{Type Checking}},
    note = {Department of Computer Science, University of Copenhagen, 2013}
}

@unpublished{slideMachineCodeGeneration,
    author = {Cosmin Oancea},
    title = {\emph{Machine Code Generation}},
    note = {Department of Computer Science, University of Copenhagen, 2013}
}

@unpublished{slideMachineCodeGenerationFunction,
    author = {Cosmin Oancea},
    title = {\emph{Machine Code Generation for Function}},
    note = {Department of Computer Science, University of Copenhagen, 2013}
}

@unpublished{slideRegAlloc,
    author = {Cosmin Oancea},
    title = {\emph{Liveness Analysis And Register Allocation}},
    note = {Department of Computer Science, University of Copenhagen, 2013}
}

@unpublished{slideLexicalAnalysis,
    author = {Jost Berthold},
    title = {\emph{Lexical Analysis}},
    note = {Department of Computer Science, University of Copenhagen, 2013}
}


@Book{TorbenDIKU,
  author =    {Torben \AE{}gidius Mogensen},
  title =        {Basics of Compiler Design},
  publisher =    {Self-published},
  year =         {2000-2010},
  address =   {DIKU},
  edition =   {2010 edition},
  note =      {First published 2000. Available at \url{http://www.diku.dk/~torbenm/Basics/}. Will not be updated any more.},
}

@Book{PattersonHennessy,
author = {Patterson,, David A. and Hennessy,, John L.},
title = {Computer Organization \& Design, the Hardware/Software Interface},
publisher = {Morgan Kaufmann},
year = {1998},
note = {Appendix A is freely available at \url{http://www.cs.wisc.edu/~larus/HP_AppA.pdf}},
}


@Misc{Mars,
key = {Mars},
title = {{\textsc{Mars}, a MIPS Assembler and Runtime Simulator}, Version 4.4},
howpublished = {\url{http://courses.missouristate.edu/kenvollmar/mars/}},
year = {2002-2013},
note = {Manual: \url{http://courses.missouristate.edu/KenVollmar/MARS/Help/MarsHelpIntro.html}},
}

@Misc{MoscowML,
key = {{Moscow ML}},
OPTauthor = {},
title = {{Moscow ML} -- a light-weight implementation of {Standard ML (SML)}},
howpublished = {\url{http://mosml.org}},
year = {2013},
note = {New release 2.10 in 2013 with substantial improvements.},
}

@Unpublished{MipsModule,
  title =     {{MIPS, Register Allocation and MARS simulator}},
  author =    {Jost Berthold},
  organization = {DIKU},
  year =      {2013},
  note =      {Based on an earlier version in Danish, by Torben Mogensen. Available on Absalon.},
}
